@misc{TableofL43:online,
author = {},
title = {Table of Lie groups - Wikipedia},
howpublished = {\url{https://en.wikipedia.org/wiki/Table_of_Lie_groups}},
month = {},
year = {}
}

@book{Sepanski2007,
  year = {2007},
  publisher = {Springer New York},
  author = {Mark R. Sepanski},
  title = {Compact Lie Groups}
}

@book{Hall2015,
  year = {2015},
  publisher = {Springer International Publishing},
  author = {Brian C. Hall},
  title = {Lie Groups,  Lie Algebras,  and Representations}
}

@article{Cohen1998,
author = {Cohen, Ralph},
year = {1998},
title = {The Topology of Fiber Bundles Lecture Notes}
}

@misc{cliffalg32:online,
author = {Peter Woit},
title = {Clifford Algebras and Spin Groups},
howpublished = {\url{http://www.math.columbia.edu/~woit/LieGroups-2012/cliffalgsandspingroups.pdf}},
year = {2012}
}