@book{marcolli2017noncommutative,
  title={Noncommutative Cosmology},
  author={Marcolli, M.},
  isbn={9789813202863},
  year={2017},
  publisher={World Scientific Publishing Company}
}
